@article{LRVM,
    author = {Satyanarayanan, M. and Mashburn, Henry H. and Kumar, Puneet and Steere, David C. and Kistler, James J.},
    title = {Lightweight Recoverable Virtual Memory},
    journal = {ACM Trans. Comput. Syst.},
    issue_date = {Feb. 1994},
    volume = {12},
    number = {1},
    month = feb,
    year = {1994},
    issn = {0734-2071},
    pages = {33--57},
    numpages = {25},
    url = {http://doi.acm.org/10.1145/174613.174615},
    doi = {10.1145/174613.174615},
    acmid = {174615},
    publisher = {ACM},
    address = {New York, NY, USA},
    keywords = {Camelot, Coda, RVM, Unix, logging, paging, persistence, scalability, throughput, truncation},
} 

@inproceedings{Mojim,
    author = {Zhang, Yiying and Yang, Jian and Memaripour, Amirsaman and Swanson, Steven},
    title = {Mojim: A Reliable and Highly-Available Non-Volatile Memory System},
    booktitle = {Proceedings of the Twentieth International Conference on Architectural Support for Programming Languages and Operating Systems},
    series = {ASPLOS '15},
    year = {2015},
    isbn = {978-1-4503-2835-7},
    location = {Istanbul, Turkey},
    pages = {3--18},
    numpages = {16},
    url = {http://doi.acm.org/10.1145/2694344.2694370},
    doi = {10.1145/2694344.2694370},
    acmid = {2694370},
    publisher = {ACM},
    address = {New York, NY, USA},
    keywords = {availability, data center, distributed storage systems, keywords non-volatile memory, reliability, storage-class memory},
} 

@inproceedings{Tardigrade,
    author = {Jacob R. Lorch and Andrew Baumann and Lisa Glendenning and Dutch Meyer and Andrew Warfield},
    title = {Tardigrade: Leveraging Lightweight Virtual Machines to Easily and Efficiently Construct Fault-Tolerant Services},
    booktitle = {12th USENIX Symposium on Networked Systems Design and Implementation (NSDI 15)},
    year = {2015},
    month = May,
    isbn = {978-1-931971-218},
    address = {Oakland, CA},
    pages = {575--588},
    url = {http://blogs.usenix.org/conference/nsdi15/technical-sessions/presentation/lorch},
    publisher = {USENIX Association},
}

@misc{filebench,
    howpublished = "\url{http://sourceforge.net/apps/mediawiki/filebench/index.php}",
    year = {2013}, 
}
